@book{livre_ter,	
edition	= {2},
title	= {What Is Mathematics? An Elementary Approach to Ideas and Methods},	
isbn	= {0-19510519-2},	
shorttitle	= {What Is Mathematics?},	
publisher	= {Oxford University Press, \'Etats-Unis},	
author	= {Courant, Richard and Robbins, Herbert},	
month	= {7},	
year	= {1996},
language = {english}
}